<?xml version="1.0" encoding="UTF-8"?><collection xmlns="http://www.loc.gov/MARC21/slim"><record><leader>00365nam--2200133-i-4500</leader><controlfield tag="001">000046784</controlfield><controlfield tag="002">20161230</controlfield><controlfield tag="005">20161230201046</controlfield><controlfield tag="008">060222s1000------------r-----000-0-eng-d</controlfield><datafield ind1=" " ind2=" " tag="100"><subfield code="a">Waldron, R.A</subfield></datafield><datafield ind1=" " ind2=" " tag="245"><subfield code="a">Ferrites. an introduction for microwave engineers</subfield></datafield><datafield ind1=" " ind2=" " tag="260"><subfield code="a">London, D.Van Nostrand Co., Ltd., 1961, Xv+240p</subfield></datafield><datafield ind1=" " ind2=" " tag="490"><subfield code="a">The Marconi Series</subfield></datafield><datafield ind1=" " ind2=" " tag="852"><subfield code="a">18297</subfield></datafield></record></collection>